<?xml version="1.0" ?><searchRetrieveResponse>
<version>1.1</version><numberOfRecords>2</numberOfRecords><records>
<record><recordSchema>info:srw/schema/1/marcxml-v1.1</recordSchema><recordPacking>xml</recordPacking><recordData><record xmlns:xs="http://www.w3.org/2001/XMLSchema">
         <leader>     cam a22     4  4500</leader>
         <controlfield tag="001">029301793</controlfield>
         <controlfield tag="003">CHVBK</controlfield>
         <controlfield tag="005">20170411050033.0</controlfield>
         <controlfield tag="008">100619s2010    sz            01    ger  </controlfield>
         <datafield tag="020" ind1=" " ind2=" ">
            <subfield code="a">978-3-03909-126-3</subfield>
         </datafield>
         <datafield tag="035" ind1=" " ind2=" ">
            <subfield code="a">(OCoLC)697826970</subfield>
         </datafield>
         <datafield tag="035" ind1=" " ind2=" ">
            <subfield code="a">(IDSLU)001064371</subfield>
         </datafield>
         <datafield tag="040" ind1=" " ind2=" ">
            <subfield code="a">SzZuIDS HSG</subfield>
            <subfield code="d">SzZuIDS NEBIS ZHAW-W</subfield>
            <subfield code="d">SzZuIDS LU LUHSW</subfield>
            <subfield code="e">kids</subfield>
         </datafield>
         <datafield tag="082" ind1="0" ind2=" ">
            <subfield code="a">658.11</subfield>
            <subfield code="2">DDC22ger</subfield>
         </datafield>
         <datafield tag="245" ind1="0" ind2="0">
            <subfield code="a">25 Jahre Unternehmertum - Festschrift für Giorgio Behr</subfield>
            <subfield code="c">[Hrsg.] Peter Leibfried ... [et al.]</subfield>
         </datafield>
         <datafield tag="246" ind1="1" ind2="3">
            <subfield code="a">Fünfundzwanzig Jahre Unternehmertum</subfield>
         </datafield>
         <datafield tag="264" ind1=" " ind2="1">
            <subfield code="a">Zürich</subfield>
            <subfield code="b">Versus</subfield>
            <subfield code="c">2010</subfield>
         </datafield>
         <datafield tag="300" ind1=" " ind2=" ">
            <subfield code="a">429 S</subfield>
            <subfield code="b">Ill</subfield>
         </datafield>
         <datafield tag="336" ind1=" " ind2=" ">
            <subfield code="a">Text</subfield>
            <subfield code="b">txt</subfield>
            <subfield code="2">rdacontent/ger</subfield>
         </datafield>
         <datafield tag="337" ind1=" " ind2=" ">
            <subfield code="a">ohne Hilfsmittel zu benutzen</subfield>
            <subfield code="b">n</subfield>
            <subfield code="2">rdamedia/ger</subfield>
         </datafield>
         <datafield tag="338" ind1=" " ind2=" ">
            <subfield code="a">Band</subfield>
            <subfield code="b">nc</subfield>
            <subfield code="2">rdacarrier/ger</subfield>
         </datafield>
         <datafield tag="650" ind1=" " ind2="7">
            <subfield code="a">Entrepreneurship</subfield>
            <subfield code="0">(DE-588)7588126-3</subfield>
            <subfield code="2">gnd</subfield>
         </datafield>
         <datafield tag="650" ind1=" " ind2="7">
            <subfield code="a">Management</subfield>
            <subfield code="0">(DE-588)4037278-9</subfield>
            <subfield code="2">gnd</subfield>
         </datafield>
         <datafield tag="650" ind1=" " ind2="7">
            <subfield code="a">Rechnungslegung</subfield>
            <subfield code="0">(DE-588)4128343-0</subfield>
            <subfield code="2">gnd</subfield>
         </datafield>
         <datafield tag="655" ind1=" " ind2="7">
            <subfield code="a">Aufsatzsammlung</subfield>
            <subfield code="2">gnd-content</subfield>
         </datafield>
         <datafield tag="655" ind1=" " ind2="7">
            <subfield code="a">Festschrift</subfield>
            <subfield code="2">gnd-content</subfield>
         </datafield>
         <datafield tag="691" ind1=" " ind2="7">
            <subfield code="B">u</subfield>
            <subfield code="u">QP 380</subfield>
            <subfield code="2">idslu LR</subfield>
         </datafield>
         <datafield tag="856" ind1="4" ind2="2">
            <subfield code="u">http://aleph.unisg.ch/hsgscan/hm00362110.pdf</subfield>
            <subfield code="z">Inhaltsverzeichnis</subfield>
         </datafield>
         <datafield tag="950" ind1=" " ind2=" ">
            <subfield code="B">IDSLU</subfield>
            <subfield code="P">856</subfield>
            <subfield code="E">42</subfield>
            <subfield code="u">http://aleph.unisg.ch/hsgscan/hm00362110.pdf</subfield>
            <subfield code="z">Inhaltsverzeichnis</subfield>
         </datafield>
         <datafield tag="898" ind1=" " ind2=" ">
            <subfield code="a">BK020400</subfield>
            <subfield code="b">XK020000</subfield>
            <subfield code="c">XK020000</subfield>
         </datafield>
         <datafield tag="949" ind1=" " ind2=" ">
            <subfield code="B">IDSLU</subfield>
            <subfield code="F">LUHSW</subfield>
            <subfield code="c">HWFRE</subfield>
            <subfield code="j">QP 380 2010</subfield>
         </datafield>
      </record></recordData><recordPosition>0</recordPosition></record>